<record><leader>00000cas a2200000 a 4500</leader><controlfield tag="001">10197301</controlfield><controlfield tag="008">831207d18821959paudn ne      0    0eng c</controlfield><datafield ind1=" " ind2=" " tag="010"><subfield code="a">sn 83032178 </subfield></datafield><datafield ind1=" " ind2=" " tag="040"><subfield code="a">NPU</subfield><subfield code="b">eng</subfield><subfield code="c">NPU</subfield><subfield code="d">DLC</subfield><subfield code="d">NPH</subfield><subfield code="d">CUI</subfield><subfield code="d">OCLCQ</subfield><subfield code="d">OCLCF</subfield></datafield><datafield ind1="1" ind2=" " tag="029"><subfield code="a">AU@</subfield><subfield code="b">000025835492</subfield></datafield><datafield ind1=" " ind2=" " tag="042"><subfield code="a">pcc</subfield></datafield><datafield ind1=" " ind2=" " tag="043"><subfield code="a">n-us-pa</subfield></datafield><datafield ind1="0" ind2="0" tag="050"><subfield code="a">Newspaper 9400</subfield></datafield><datafield ind1=" " ind2="4" tag="050"><subfield code="a">AN</subfield></datafield><datafield ind1="0" ind2="0" tag="245"><subfield code="a">Chester times.</subfield></datafield><datafield ind1="3" ind2="0" tag="246"><subfield code="a">Daily times</subfield></datafield><datafield ind1=" " ind2=" " tag="260"><subfield code="a">Chester, Pa. :</subfield><subfield code="b">Chester Times Pub. Co.,</subfield><subfield code="c">1882-1959.</subfield></datafield><datafield ind1=" " ind2=" " tag="300"><subfield code="a">v. :</subfield><subfield code="b">ill. ;</subfield><subfield code="c">58 cm.</subfield></datafield><datafield ind1=" " ind2=" " tag="310"><subfield code="a">Daily (except Sun.)</subfield></datafield><datafield ind1="0" ind2=" " tag="362"><subfield code="a">Vol. 12, no. 1733 (Apr. 17, 1882)- ; -84th year, no. 58,590 (Oct. 31, 1959).</subfield></datafield><datafield ind1=" " ind2=" " tag="500"><subfield code="a">Publisher: Charles R. Long, &lt;1936&gt;.</subfield></datafield><datafield ind1=" " ind2=" " tag="500"><subfield code="a">Issue for Sept. 7, 1951 is 75th anniversary issue.</subfield></datafield><datafield ind1=" " ind2=" " tag="515"><subfield code="a">Suspended during strike of A.N.G. employees, Nov. 4, 1941-Aug. 28, 1942.</subfield></datafield><datafield ind1=" " ind2=" " tag="580"><subfield code="a">Title published during strike by Chester Times employees: Chester Reporter (Chester, Pa. : 1941).</subfield></datafield><datafield ind1=" " ind2=" " tag="580"><subfield code="a">Daily edition of: Delaware County advocate.</subfield></datafield><datafield ind1=" " ind2="0" tag="651"><subfield code="a">Chester (Pa.)</subfield><subfield code="v">Newspapers.</subfield></datafield><datafield ind1=" " ind2="0" tag="651"><subfield code="a">Delaware County (Pa.)</subfield><subfield code="v">Newspapers.</subfield></datafield><datafield ind1=" " ind2="7" tag="655"><subfield code="a">Newspapers.</subfield><subfield code="2">fast</subfield><subfield code="0">(OCoLC)fst01423814</subfield></datafield><datafield ind1=" " ind2="7" tag="651"><subfield code="a">Pennsylvania</subfield><subfield code="z">Chester.</subfield><subfield code="2">fast</subfield><subfield code="0">(OCoLC)fst01215693</subfield></datafield><datafield ind1=" " ind2="7" tag="651"><subfield code="a">Pennsylvania</subfield><subfield code="z">Delaware County.</subfield><subfield code="2">fast</subfield><subfield code="0">(OCoLC)fst01202932</subfield></datafield><datafield ind1=" " ind2=" " tag="752"><subfield code="a">United States</subfield><subfield code="b">Pennsylvania</subfield><subfield code="c">Delaware</subfield><subfield code="d">Chester.</subfield></datafield><datafield ind1="1" ind2=" " tag="775"><subfield code="t">Delaware County advocate</subfield><subfield code="w">(DLC)sn 83032179</subfield></datafield><datafield ind1="0" ind2="0" tag="780"><subfield code="t">Chester daily times</subfield><subfield code="w">(DLC)sn 84024574</subfield><subfield code="w">(OCoLC)11082848</subfield></datafield><datafield ind1="0" ind2="0" tag="785"><subfield code="t">Delaware County daily times</subfield><subfield code="w">(DLC)sn 89077807</subfield><subfield code="w">(OCoLC)14941732</subfield></datafield><datafield ind1="1" ind2=" " tag="787"><subfield code="t">Chester reporter (Chester, Pa. : 1941)</subfield><subfield code="w">(DLC)sn 89077750</subfield></datafield></record>